% Use this file for citations not found in the ACL Anthology (contained in "anthology.bib").

@inproceedings{Conneau:20,
  author = {Conneau, Alexis and Khandelwal, Kartikay and Goyal, Naman, et al.},
  title = {Unsupervised Cross-lingual Representation Learning at Scale},
  booktitle = {Proceedings of the 58th Annual Meeting of the Association for Computational Linguistics},
  pages = {8440--8451},
  year = {2020}
}

@article{Jauhiainen:19,
  author = {Jauhiainen, Tommi and Jauhiainen, Heidi and Lindén, Krister},
  title = {Automatic Language Identification in Texts: A Survey},
  journal = {Journal of Artificial Intelligence Research},
  volume = {65},
  pages = {675--782},
  year = {2019}
}

@inproceedings{Faisal:24,
  author = {Faisal, Fazeel and Ahia, Olalekan and Srivastava, Abhishek, et al.},
  title = {DIALECTBENCH: A NLP Benchmark for Dialects, Varieties, and Closely-Related Languages},
  booktitle = {Proceedings of the 62nd Annual Meeting of the Association for Computational Linguistics},
  pages = {1--15},
  year = {2024}
}

@article{Nguyen:24,
  author = {Nguyen, Xuan-Phi and Aljunied, Sarah M. and Joty, Shafiq and Bing, Liu},
  title = {Democratizing LLMs for Low-Resource Languages by Leveraging their English Dominant Abilities with Linguistically-Diverse Prompts},
  journal = {ACL 2024 Main Conference},
  year = {2024},
  eprint = {2306.11372v2},
  archivePrefix = {arXiv},
  primaryClass = {cs.CL},
  doi = {10.48550/arXiv.2306.11372}
}

@article{Martin:24,
  author = {Martin, A. and Jenkins, K.},
  title = {Speaking your language: The psychological impact of dialect integration in artificial intelligence systems},
  journal = {Current Opinion in Psychology},
  year = {2024},
  doi = {10.1016/j.copsyc.2024.101840}
}

@inproceedings{Jain:18,
  author = {Jain, Abhinav and Upreti, Minali and Jyothi, Preethi},
  title = {Improved Accented Speech Recognition Using Accent Embeddings and Multi-Task Learning},
  booktitle = {Interspeech 2018},
  year = {2018},
  doi = {10.21437/interspeech.2018-1864}
}

@article{Hinsvark:21,
  author = {Hinsvark, Arthur and Delworth, Natalie and Rio, Miguel and McNamara, Quinten, et al.},
  title = {Accented Speech Recognition: A Survey},
  journal = {arXiv preprint},
  eprint = {2104.10747},
  year = {2021},
  url = {https://arxiv.org/pdf/2104.10747}
}

@inproceedings{Ng:22,
  author = {Ng, S.-K. and Liu, P. and Fu, J.},
  title = {Polyglot Prompting: Multilingual Multitask Prompt Training},
  booktitle = {Proceedings of the 2022 Conference on Empirical Methods in Natural Language Processing},
  pages = {9919--9935},
  year = {2022},
  url = {https://github.com/jinlanfu/Polyglot_Prompt}
}

@inproceedings{Garimella:16,
  author = {Garimella, Aparna and Mihalcea, Rada and Pennebaker, James},
  title = {Identifying Cross-Cultural Differences in Word Usage},
  booktitle = {Proceedings of the 26th International Conference on Computational Linguistics: Technical Papers},
  location = {Osaka, Japan},
  pages = {674--683},
  year = {2016}
}

@inproceedings{Goldin:18,
  author = {Goldin, G. and Rabinovich, E. and Wintner, S.},
  title = {Native Language Identification with User Generated Content},
  booktitle = {Proceedings of the 2018 Conference on Empirical Methods in Natural Language Processing},
  pages = {3591--3601},
  year = {2018}
}

@inproceedings{Camboim:24,
  author = {Camboim de Sá, J.M. and Anastasiou, D. and Da Silveira, M. and Pruski, C.},
  title = {Socio-cultural adapted chatbots: Harnessing Knowledge Graphs and Large Language Models for enhanced context awareness},
  booktitle = {Proceedings of the 1st Workshop on Towards Ethical and Inclusive Conversational AI: Language Attitudes, Linguistic Diversity, and Language Rights (TEICAI 2024)},
  pages = {21--27},
  year = {2024}
}

@article{Lent:24,
  author = {Lent, H. and Tatariya, K. and Dabre, R., et al.},
  title = {CreoleVal: Multilingual Multitask Benchmarks for Creoles},
  journal = {arXiv preprint},
  eprint = {2310.19567v3},
  year = {2024},
  url = {https://arxiv.org/abs/2310.19567v3}
}

@article{Upadhayay2024,
  author = {Upadhayay, Bibek and Behzadan, Vahid},
  title = {TaCo: Enhancing Cross-Lingual Transfer for Low-Resource Languages in LLMs through Translation-Assisted Chain-of-Thought Processes},
  journal = {arXiv preprint},
  year = {2024},
  volume = {2311.10797},
  note = {Submitted on 17 Nov 2023 (v1), last revised 5 Apr 2024 (this version, v2)},
  url = {https://doi.org/10.48550/arXiv.2311.10797}
}

@inproceedings{kim2022,
    title={ProsocialDialog: A Prosocial Backbone for Conversational Agents},
    author={Hyunwoo Kim and Youngjae Yu and Liwei Jiang and Ximing Lu and Daniel Khashabi and Gunhee Kim and Yejin Choi and Maarten Sap},
    booktitle={EMNLP},
    year=2022
}



@misc{SAILLab:24,
  author = {SAILLab},
  title = {Alpaca Haitian Creole Dataset},
  year = {2024},
  url = {https://huggingface.co/datasets/saillab/alpaca_haitian_creole_taco}
}

@misc{kendall23,
  author       = {Kendall, Tyler and Farrington, Charlie},
  title        = {The Corpus of Regional African American Language},
  year         = {2023},
  version      = {2023.06},
  address      = {Eugene, OR},
  institution  = {The Online Resources for African American Language Project},
  url          = {http://oraal.uoregon.edu/coraal},
  doi          = {10.7264/1ad5-6t35},
  note         = {Version 2023.06}
}






